<record><leader>00000cas a22000007a 4500</leader><controlfield tag="001">15247319</controlfield><controlfield tag="008">870227d19601966paudn ne      0    0eng d</controlfield><datafield ind1=" " ind2=" " tag="010"><subfield code="a">sn 88079380 </subfield></datafield><datafield ind1=" " ind2=" " tag="040"><subfield code="a">NPH</subfield><subfield code="b">eng</subfield><subfield code="c">NPH</subfield><subfield code="d">OCLCQ</subfield></datafield><datafield ind1=" " ind2=" " tag="042"><subfield code="a">msc</subfield></datafield><datafield ind1="0" ind2="4" tag="245"><subfield code="a">The Warren County observer.</subfield></datafield><datafield ind1="3" ind2="0" tag="246"><subfield code="a">Observer</subfield></datafield><datafield ind1=" " ind2=" " tag="260"><subfield code="a">[Warren, Pa.] :</subfield><subfield code="b">Warren Print. Co.,</subfield><subfield code="c">1960-</subfield></datafield><datafield ind1=" " ind2=" " tag="300"><subfield code="a">v. :</subfield><subfield code="b">ill.</subfield></datafield><datafield ind1=" " ind2=" " tag="310"><subfield code="a">Daily (except Sun. &amp; holidays)</subfield></datafield><datafield ind1="0" ind2=" " tag="362"><subfield code="a">Vol. 1, no. 1 (Nov. 14, 1960)-v. 6, no. 105 (Mar. 19, 1966).</subfield></datafield><datafield ind1=" " ind2=" " tag="580"><subfield code="a">Absorbed: Tidioute observer, Sept. 29, 1961.</subfield></datafield><datafield ind1=" " ind2=" " tag="752"><subfield code="a">United States</subfield><subfield code="b">Pennsylvania</subfield><subfield code="c">Warren</subfield><subfield code="d">Warren.</subfield></datafield><datafield ind1="0" ind2="0" tag="780"><subfield code="t">Warren observer</subfield><subfield code="w">(DLC)sn 88079379</subfield></datafield><datafield ind1="1" ind2="5" tag="780"><subfield code="t">Tidioute observer</subfield><subfield code="w">(DLC)sn 88081006</subfield></datafield><datafield ind1="0" ind2="7" tag="785"><subfield code="t">Warren times-mirror</subfield><subfield code="w">(DLC)sn 88079378</subfield></datafield><datafield ind1="0" ind2="7" tag="785"><subfield code="t">Warren times-mirror and observer</subfield><subfield code="w">(DLC)sn 88079370</subfield></datafield></record>